@book{khoo2000physiological,
  title     = {Physiological Control Systems: Analysis, Simulation, and Estimation},
  author    = {Khoo, Michael C. K.},
  year      = {2000},
  publisher = {IEEE Press},
  address   = {New York},
  isbn      = {978-0-7803-3428-9}
}

@online{mountsinai2023,
  author    = {{Mount Sinai Health System}},
  title     = {Blockage of upper airway},
  year      = {2023},
  url       = {https://www.mountsinai.org/health-library/diseases-conditions/blockage-of-upper-airway#:~:text=Causas,Desmayarse%20o%20quedar%20inconsciente},
  note      = {Accessed: 2025-09-14}
}

@phdthesis{nguyen2010respiratory,
  author       = {Ngo Nguyen, Hoang Chuong},
  title        = {Model-based analysis of respiratory mechanics for diagnosis of cardiopulmonary diseases},
  school       = {University/Institute, Ho Chi Minh City, Vietnam},
  year         = {2010},
  type         = {Diplom-Ingenieur Thesis}
}

@article{contreras2000epoc,
  author  = {Contreras Zúñiga, Eduardo and Rivera Ríos, Rossana},
  title   = {Patologías obstructivas de la vía aérea: Enfermedad pulmonar obstructiva crónica},
  journal = {Revista Colombiana de Neumología},
  year    = {2000},
  volume  = {X},
  number  = {Y},
  pages   = {pp--pp}
}

@online{resmed2025restrictive,
  author    = {{ResMed}},
  title     = {What is restrictive lung disease?},
  year      = {2025},
  url       = {https://www.resmed.lat/healthcare-professional/diagnosis-and-treatment/ventilation/restrictive-lung-disease/what-is-restrictive-lung-disease},
  note      = {Accessed: 2025-09-14}
}

@online{academialab2025nyquist,
  author    = {{Academia Lab}},
  title     = {Teorema de muestreo de Nyquist–Shannon},
  year      = {2025},
  url       = {https://academia-lab.com/enciclopedia/teorema-de-muestreo-de-nyquist-shannon/},
  note      = {Accessed: 2025-09-14}
}